@inproceedings{younge2011analysis,
title={Analysis of virtualization technologies for high performance computing environments},
author={Younge, Andrew J and Henschel, Robert and Brown, James T and von Laszewski, Gregor and Qiu, Judy and Fox, Geoffrey C},
booktitle={Cloud Computing (CLOUD), 2011 IEEE International Conference on},
pages={9--16},
year={2011},
organization={IEEE}
}
@article{creasy1981origin,
title={The origin of the VM/370 time-sharing system},
author={Creasy, Robert J.},
journal={IBM Journal of Research and Development},
volume={25},
number={5},
pages={483--490},
year={1981},
publisher={IBM}
}
@article{duatonew,
title={A New Approach to rCUDA},
author={Duato, Jos{\'e} and Pena, Antonio J and Silla, Federico and Fern{\'a}ndez, Juan C and Mayo, Rafael and Quintana-Ort{\i}, Enrique S}
}
@book{holovaty2009definitive,
title={The Definitive Guide to Django: Web Development Done Right},
author={Holovaty, Adrian and Kaplan-Moss, Jacob},
year={2009},
publisher={Apress}
}
@techreport{pinzari2003introduction,
title={Introduction to NX technology},
author={Pinzari, Gian Filippo},
year={2003},
institution={NoMachine Technical Report 309}
}
@article{victoria2009creating,
title={Creating and Controlling KVM Guests using libvirt},
author={Victoria, B},
journal={University of Victoria},
year={2009}
}
@inproceedings{bolte2010non,
title={Non-intrusive virtualization management using libvirt},
author={Bolte, Matthias and Sievers, Michael and Birkenheuer, Georg and Nieh{\"o}rster, Oliver and Brinkmann, Andr{\'e}},
booktitle={Proceedings of the Conference on Design, Automation and Test in Europe},
pages={574--579},
year={2010},
organization={European Design and Automation Association}
}
@article{pfaff2009extending,
title={Extending networking into the virtualization layer},
author={Pfaff, Ben and Pettit, Justin and Koponen, Teemu and Amidon, Keith and Casado, Martin and Shenker, Scott},
journal={Proc. HotNets (October 2009)},
year={2009}
}
@article{hoskins2006sshfs,
title={Sshfs: super easy file access over ssh},
author={Hoskins, Matthew E},
journal={Linux Journal},
volume={2006},
number={146},
pages={4},
year={2006},
publisher={Belltown Media}
}
@article{szeredi2010fuse,
title={FUSE: Filesystem in userspace},
author={M. Szeredi},
journal={Accessed on},
year={2010}
}
@inproceedings{yang2012implementation,
title={On implementation of GPU virtualization using PCI pass-through},
author={Yang, Chao-Tung and Wang, Hsien-Yi and Ou, Wei-Shen and Liu, Yu-Tso and Hsu, Ching-Hsien},
booktitle={Cloud Computing Technology and Science (CloudCom), 2012 IEEE 4th International Conference on},
pages={711--716},
year={2012},
organization={IEEE}
}
@inproceedings{duato2011enabling,
title={Enabling CUDA acceleration within virtual machines using rCUDA},
author={Duato, Jos{\'e} and Pena, Antonio J and Silla, Federico and Fern{\'a}ndez, Juan C and Mayo, Rafael and Quintana-Orti, ES},
booktitle={High Performance Computing (HiPC), 2011 18th International Conference on},
pages={1--10},
year={2011},
organization={IEEE}
}
@inproceedings{callaghan2002nfs,
title={Nfs over rdma},
author={Callaghan, Brent and Lingutla-Raj, Theresa and Chiu, Alex and Staubach, Peter and Asad, Omer},
booktitle={Proceedings of ACM SIGCOMM Summer 2003 NICELI Workshop},
year={2002}
}
@article{vinoski2006advanced,
title={Advanced message queuing protocol},
author={Vinoski, Steve},
journal={Internet Computing, IEEE},
volume={10},
number={6},
pages={87--89},
year={2006},
publisher={IEEE}
}

